<record><leader>00000cas a2200000 a 4500</leader><controlfield tag="001">27481132</controlfield><controlfield tag="008">930222d1uuu1935caudn ne      0    0eng c</controlfield><datafield ind1=" " ind2=" " tag="010"><subfield code="a">sn 93051957 </subfield></datafield><datafield ind1=" " ind2=" " tag="040"><subfield code="a">CUY</subfield><subfield code="b">eng</subfield><subfield code="c">CNK</subfield><subfield code="d">OCLCQ</subfield><subfield code="d">CNK</subfield><subfield code="d">OCLCQ</subfield><subfield code="d">OCLCF</subfield><subfield code="d">OCLCO</subfield></datafield><datafield ind1="1" ind2=" " tag="029"><subfield code="a">AU@</subfield><subfield code="b">000020752368</subfield></datafield><datafield ind1=" " ind2=" " tag="042"><subfield code="a">pcc</subfield></datafield><datafield ind1=" " ind2=" " tag="043"><subfield code="a">n-us-ca</subfield></datafield><datafield ind1="0" ind2="4" tag="245"><subfield code="a">The Lodi news.</subfield></datafield><datafield ind1="1" ind2="3" tag="246"><subfield code="a">Lodi daily news</subfield></datafield><datafield ind1=" " ind2=" " tag="260"><subfield code="a">Lodi, Calif. :</subfield><subfield code="b">News Pub. Co.</subfield></datafield><datafield ind1=" " ind2=" " tag="300"><subfield code="a">v.</subfield></datafield><datafield ind1=" " ind2=" " tag="310"><subfield code="a">Daily (except Sun.),</subfield><subfield code="b">Jan. 23, 1933-June 22, 1935</subfield></datafield><datafield ind1=" " ind2=" " tag="321"><subfield code="a">Triweekly,</subfield><subfield code="b">&lt;Dec. 30, 1932&gt;-Jan. 20, 1933</subfield></datafield><datafield ind1="0" ind2=" " tag="362"><subfield code="a">-v. 35, no. 584 (June 22, 1935).</subfield></datafield><datafield ind1=" " ind2=" " tag="530"><subfield code="a">Master negatives are available for duplication from:</subfield><subfield code="b">California Newspaper Microfilm Archive;</subfield><subfield code="c">positive copies may be purchased by the reel; for further information consult the CNMA at:</subfield><subfield code="u">http://cbsr.ucr.edu</subfield></datafield><datafield ind1=" " ind2=" " tag="588"><subfield code="a">Description based on: Vol. 28, no. 151 (Dec. 30, 1932).</subfield></datafield><datafield ind1=" " ind2="0" tag="651"><subfield code="a">Lodi (Calif.)</subfield><subfield code="v">Newspapers.</subfield></datafield><datafield ind1=" " ind2="7" tag="655"><subfield code="a">Newspapers.</subfield><subfield code="2">fast</subfield><subfield code="0">(OCoLC)fst01423814</subfield></datafield><datafield ind1=" " ind2="7" tag="651"><subfield code="a">California</subfield><subfield code="z">Lodi.</subfield><subfield code="2">fast</subfield><subfield code="0">(OCoLC)fst01215511</subfield></datafield><datafield ind1=" " ind2=" " tag="752"><subfield code="a">United States</subfield><subfield code="b">California</subfield><subfield code="c">San Joaquin</subfield><subfield code="d">Lodi.</subfield></datafield><datafield ind1="0" ind2="7" tag="785"><subfield code="t">Lodi sentinel</subfield><subfield code="w">(DLC)sn 85066460</subfield></datafield><datafield ind1="0" ind2="7" tag="785"><subfield code="t">Lodi news-sentinel</subfield><subfield code="w">(DLC)sn 93051956</subfield></datafield></record>